<?xml version="1.0" encoding="UTF-8"?><collection xmlns="http://www.loc.gov/MARC21/slim"><record><leader>00385nam--2200133-i-4500</leader><controlfield tag="001">000014495</controlfield><controlfield tag="002">20161230</controlfield><controlfield tag="005">20161230201030</controlfield><controlfield tag="008">060222s1000------------r-----000-0-eng-d</controlfield><datafield ind1=" " ind2=" " tag="080"><subfield code="a">519.876:681.5:621.3</subfield></datafield><datafield ind1=" " ind2=" " tag="100"><subfield code="a">Bird,Cordon J.A</subfield></datafield><datafield ind1=" " ind2=" " tag="245"><subfield code="a">Design of continous and digital electronic systems</subfield></datafield><datafield ind1=" " ind2=" " tag="260"><subfield code="a">London,Mcgraw-hill Book Comnpany(Uk) Limited, 1980. Xii +396p</subfield></datafield><datafield ind1=" " ind2=" " tag="852"><subfield code="a">71.253</subfield></datafield></record></collection>